@ARTICLE{ackermann2011,
  author  = {Ackermann, M. and others},
  title   = {Detection of a Spectral Break in the Extra Hard Component of GRB 090926A},
  journal = {Astrophysical Journal},
  year    = {2011},
  volume  = {729},
  number  = {2},
  doi     = {10.1088/0004-637X/729/2/114}
}

@misc{GDT-Core,
      author = {Adam Goldstein and William H. Cleveland and Daniel Kocevski},
      title = {Gamma-ray Data Tools Core Package: v2.0.4},
      year = 2024,
      url = {https://github.com/USRA-STI/gdt-core}
}

@misc{GDT-Fermi,
      author = {Adam Goldstein and William H. Cleveland and Daniel Kocevski},
      title = {Fermi Gamma-ray Data Tools: v2.0.0},
      year = 2023,
      url = {https://github.com/USRA-STI/gdt-fermi}
}

@BOOK{carroll2017,
  author    = {Carroll, Bradley W. and Ostlie, Dale A.},
  title     = {An Introduction to Modern Astrophysics},
  publisher = {Addison‑Wesley},
  year      = {2017},
  edition   = {1st},
  address   = {Reading, MA},
  isbn      = {0-321-44284-9},
}

@ARTICLE{kouveliotou1993,
  author  = {Kouveliotou, C. and Meegan, C.~A. and Fishman, G.~J. and others},
  title   = {Identification of two classes of gamma‑ray bursts},
  journal = {Astrophysical Journal},
  year    = {1993},
  volume  = {413},
  pages   = {L101--L104},
  doi     = {10.1086/186531}
}

@ARTICLE{piran1999,
  author  = {Piran, T.},
  title   = {Gamma‑ray bursts and the fireball model},
  journal = {Physics Reports},
  year    = {1999},
  volume  = {314},
  number  = {6},
  pages   = {575--667},
  doi     = {10.1016/S0370-1573(98)00104-5}
}

@ARTICLE{gehrels2009,
  author  = {Gehrels, N. and Ramirez‑Ruiz, E. and Fox, D.~B.},
  title   = {Gamma‑ray bursts in the Swift era},
  journal = {Annual Review of Astronomy and Astrophysics},
  year    = {2009},
  volume  = {47},
  pages   = {567--617},
  doi     = {10.1146/annurev-astro-082708-101717}
}

@ARTICLE{vanparadijs2000,
  author  = {van Paradijs, J. and Kouveliotou, C. and Wijers, R.~A.~M.~J.},
  title   = {Gamma‑ray burst afterglows},
  journal = {Annual Review of Astronomy and Astrophysics},
  year    = {2000},
  volume  = {38},
  pages   = {379--425},
  doi     = {10.1146/annurev.astro.38.1.379}
}

@ARTICLE{sari1998,
  author  = {Sari, R. and Piran, T. and Narayan, R.},
  title   = {Spectra and Light Curves of Gamma‑Ray Burst Afterglows},
  journal = {Astrophysical Journal},
  year    = {1998},
  volume  = {497},
  number  = {1},
  pages   = {L17--L20},
  doi     = {10.1086/311269}
}

@ARTICLE{meszaros2006,
  author  = {Mészáros, P.},
  title   = {Gamma‑Ray Bursts},
  journal = {Reports on Progress in Physics},
  year    = {2006},
  volume  = {69},
  number  = {8},
  pages   = {2259--2322},
  doi     = {10.1088/0034-4885/69/8/R02}
}

# Según: https://heasarc.gsfc.nasa.gov/W3Browse/fermi/fermigbrst.html
# "When referencing results from this online catalog, please cite von Kienlin, A. et al. 2020, Gruber, D. et al. 2014, von Kienlin, A. et al. 2014, and Bhat, P. et al. 2016".
# Osea, las cuatro citas de debajo.

@article{von_Kienlin_2020,
    author = {von Kienlin, A. and others},
    journal = {The Astrophysical Journal},
    doi = {10.3847/1538-4357/ab7a18},
    url = {https://doi.org/10.3847/1538-4357/ab7a18},
    year = {2020},
    month = {apr},
    publisher = {The American Astronomical Society},
    volume = {893},
    number = {1},
    pages = {46},
    title = {The Fourth Fermi-GBM Gamma-Ray Burst Catalog: A Decade of Data},
}

@article{Gruber_2014,
doi = {10.1088/0067-0049/211/1/12},
url = {https://doi.org/10.1088/0067-0049/211/1/12},
year = {2014},
month = {feb},
publisher = {The American Astronomical Society},
volume = {211},
number = {1},
pages = {12},
author = {Gruber, D. and others},
title = {THE FERMI GBM GAMMA-RAY BURST SPECTRAL CATALOG: FOUR YEARS OF DATA},
journal = {The Astrophysical Journal Supplement Series},
}

@article{von_Kienlin_2014,
doi = {10.1088/0067-0049/211/1/13},
url = {https://doi.org/10.1088/0067-0049/211/1/13},
year = {2014},
month = {feb},
publisher = {The American Astronomical Society},
volume = {211},
number = {1},
pages = {13},
author = {von Kienlin. and others},
title = {THE SECOND FERMI GBM GAMMA-RAY BURST CATALOG: THE FIRST FOUR YEARS},
journal = {The Astrophysical Journal Supplement Series},
}

@article{Bhat_2016,
doi = {10.3847/0067-0049/223/2/28},
url = {https://doi.org/10.3847/0067-0049/223/2/28},
year = {2016},
month = {apr},
publisher = {The American Astronomical Society},
volume = {223},
number = {2},
pages = {28},
author = {Bhat, P. and others},
title = {THE THIRD FERMI GBM GAMMA-RAY BURST CATALOG: THE FIRST SIX YEARS},
journal = {The Astrophysical Journal Supplement Series},
}

@online{bonnell1995,
  author       = {Bonnell, Jerry T.},
  title        = {A brief history of the discovery of cosmic gamma-ray bursts},
  year         = {1995},
  month        = apr,
  day          = {17},
  organization = {NASA},
  url          = {https://apod.nasa.gov/htmltest/jbonnell/www/grbhist.html},
  urldate      = {2025-10-22},
  language     = {english},
}

@article{klebesadel1973,
  author  = {Klebesadel, Ray W. and Strong, Ian B. and Olson, Roy A.},
  title   = {Observations of gamma-ray bursts of cosmic origin},
  journal = {The Astrophysical Journal Letters},
  year    = {1973},
  volume  = {182},
  pages   = {L85--L88},
  doi     = {10.1086/181225},
  language = {english},
}

@phdthesis{Xu2009GRB,
  author  = {Xu, Dong},
  title   = {Gamma-Ray Bursts: afterglow modelling, origin, and implications},
  school  = {Niels Bohr Institute, Faculty of Science, University of Copenhagen},
  address = {Copenhagen, Denmark},
  year    = {2009},
  month   = mar,
  note    = {PhD thesis; defended May 6, 2009},
  url     = {https://nbi.ku.dk/english/theses/phd-theses/dong-xu/Dong_Xu_march09.pdf}
}

@misc{ESAheic1717b,
  author       = {ESA/Hubble},
  title        = {Artist’s impression of two neutron stars merging (heic1717b)},
  year         = {2017},
  month        = oct,
  howpublished = {ESA/Hubble — Images},
  note         = {Artwork; Image ID: heic1717b; Release date: 16 October 2017. Credit: ESO/L. Calçada/M. Kornmesser.},
  url          = {https://esahubble.org/images/heic1717b/},
  urldate      = {2025-10-22}
}

@misc{NASA_Swift_About,
  author  = {NASA Goddard Space Flight Center},
  title   = {About the Swift Gamma-Ray Burst Mission},
  year    = {2025},
  month   = aug,
  note    = {Page last updated: 19 Aug 2025},
  url     = {https://swift.gsfc.nasa.gov/about_swift/},
  urldate = {2025-10-22}
}
